@book{hp-computer-risc-2017,
title = {Computer Organization and Design},
subtitle = {The Hardware Software Interface: RISC-V Edition},
author = {Hennessy, David L. and Patterson, John},
year = {2017},
publisher = {Morgan Kaufmann},
isbn = {978-012812275-4}
},
@article{wiki-si-2019,
title= {Internationales Einheitensystem},
author = {Verschiedene Autor*inn*en},
journaltitle = {Deutsche Wikipedia},
date = {2019-03-10T12:42:00},
url = {https://de.wikipedia.org/wiki/Internationales_Einheitensystem},
}
@article{ptb-lehrer-si-2019,
title= {Lehrer-Materialien zum SI},
author = {Physikalisch technische Bundesanstalt},
address = {Braunschweig},
date = {2019-03-10T13:00:00},
url = {https://www.ptb.de/cms/presseaktuelles/lehrer-materialien-zum-si.html},
}